@ONLINE{covid2020,
author = {unasus},
title = {Organização Mundial de Saúde declara pandemia do novo Coronavírus},
month = Março,
year = {2020},
url = {https://www.unasus.gov.br/noticia/organizacao-mundial-de-saude-declara-pandemia-de-coronavirus}
}